
@ONLINE{BizWebs:2014:Online,
author = {Bystricky, Juraj},
title = {Our goal is to bring websites to people},
month = dec,
year = {2014},
url = {http://www.bizwebs.com/about-us}
}
